%	+ livre (bibliothèque INSA)
%	titre: Database Systems
%	sous-titre: The Complete Book
%	edition: Second Edition
%	editeur: Pearson International Edition
%	auteurs: 


@book{goossens93,
    author    = {{Hector Garcia-Molina, Jeffrey D. Ullman, Jennifer Widom}},
    title       =  {{Database Systems}},
    subtitle = {{The Complete Book}}
%    year      = "1993",
    publisher = {{Pearson International}},
%    address   = "Reading, Massachusetts"
}


%	+ livre (bibliothèque INSA)
%	titre: Database System Concepts
%	editeur: Hill International Editions
%	auteurs: Henry F. Korth, Abraham Silberschatz

@book{goossens93,
    author    = "Henry F. Korth, Abraham Silberschatz",
    title     = {{Database Systems}},
%    year      = "1993",
    publisher = {{Hill International}},
%    address   = "Reading, Massachusetts"
}